@article{frameworks:mittal2023orbit,
	author={Mittal, Mayank and Yu, Calvin and Yu, Qinxi and Liu, Jingzhou and Rudin, Nikita and Hoeller, David and Yuan, Jia Lin and Singh, Ritvik and Guo, Yunrong and Mazhar, Hammad and Mandlekar, Ajay and Babich, Buck and State, Gavriel and Hutter, Marco and Garg, Animesh},
	journal={IEEE Robotics and Automation Letters},
	title={Orbit: A Unified Simulation Framework for Interactive Robot Learning Environments},
	year={2023},
	volume={8},
	number={6},
	pages={3740-3747},
	doi={10.1109/LRA.2023.3270034}
}

@article{frameworks:howell2022,
	title={{Predictive Sampling: Real-time Behaviour Synthesis with MuJoCo}},
	author={Howell, Taylor and Gileadi, Nimrod and Tunyasuvunakool, Saran and Zakka, Kevin and Erez, Tom and Tassa, Yuval},
	archivePrefix={arXiv},
	eprint={2212.00541},
	primaryClass={cs.RO},
	url={https://arxiv.org/abs/2212.00541},
	doi={10.48550/arXiv.2212.00541},
	year={2022},
	month={dec}
}

@inproceedings{rudin2022learning,
	title={Learning to walk in minutes using massively parallel deep reinforcement learning},
	author={Rudin, Nikita and Hoeller, David and Reist, Philipp and Hutter, Marco},
	booktitle={Conference on Robot Learning},
	pages={91--100},
	year={2022},
	organization={PMLR}
}